
@Article{jmse9090935,
  title={A Study of the Potential Impact of Dredging the Corpus Christi Ship Channel on Passive Particle Transport},
  author={Valseth, Eirik and Loveland, Mark D and Dawson, Clint and Buskey, Edward J},
  journal={Journal of Marine Science and Engineering},
  volume={9},
  number={9},
  pages={935},
  year={2021},
  publisher={Multidisciplinary Digital Publishing Institute}
}
